%% This BibTeX bibliography file was created using BibDesk.
%% http://bibdesk.sourceforge.net/


%% Created for Timon HÃ¶bert at 2013-09-17 18:57:14 +0200 


%% Saved with string encoding Unicode (UTF-8) 


@book{traianCloudChallangesAndSecurity,
	Author = {Traian Andrei},
	Date-Modified = {April 30, 2009},
	Title = {Cloud Computing Challenges and Related Security Issues}
	note={\url{http://www.cse.wustl.edu/~jain/cse571-09/ftp/cloud/}}
}